@ARTICLE{Schulz2010,
   author = {{Schulz}, A.~E. and {Mandelbaum}, R. and {Padmanabhan}, N.},
    title = "{Testing adiabatic contraction with Sloan Digital Sky Survey elliptical galaxies}",
  journal = {\mnras},
archivePrefix = "arXiv",
   eprint = {0911.2260},
 primaryClass = "astro-ph.CO",
 keywords = {gravitational lensing: weak, galaxies: clusters: general, galaxies: haloes, cosmology: observations, dark matter},
     year = 2010,
    month = nov,
   volume = 408,
    pages = {1463-1475},
      doi = {10.1111/j.1365-2966.2010.17207.x},
   adsurl = {http://adsabs.harvard.edu/abs/2010MNRAS.408.1463S},
  adsnote = {Provided by the SAO/NASA Astrophysics Data System}
}

@ARTICLE{Dutton2013,
   author = {{Dutton}, A.~A. and {Macci{\`o}}, A.~V. and {Mendel}, J.~T. and 
	{Simard}, L.},
    title = "{Universal IMF versus dark halo response in early-type galaxies: breaking the degeneracy with the Fundamental Plane}",
  journal = {\mnras},
archivePrefix = "arXiv",
   eprint = {1204.2825},
 primaryClass = "astro-ph.CO",
 keywords = {stars: luminosity function, mass function, galaxies: elliptical and lenticular, cD, galaxies: fundamental parameters, galaxies: haloes, galaxies: kinematics and dynamics, dark matter},
     year = 2013,
    month = jul,
   volume = 432,
    pages = {2496-2511},
      doi = {10.1093/mnras/stt608},
   adsurl = {http://adsabs.harvard.edu/abs/2013MNRAS.432.2496D},
  adsnote = {Provided by the SAO/NASA Astrophysics Data System}
}

@ARTICLE{Dutton2007,
   author = {{Dutton}, A.~A. and {van den Bosch}, F.~C. and {Dekel}, A. and 
	{Courteau}, S.},
    title = "{A Revised Model for the Formation of Disk Galaxies: Low Spin and Dark Halo Expansion}",
  journal = {\apj},
   eprint = {arXiv:astro-ph/0604553},
 keywords = {Galaxies: Formation, Galaxies: Fundamental Parameters, Galaxies: Spiral, Galaxies: Structure},
     year = 2007,
    month = jan,
   volume = 654,
    pages = {27-52},
      doi = {10.1086/509314},
   adsurl = {http://adsabs.harvard.edu/abs/2007ApJ...654...27D},
  adsnote = {Provided by the SAO/NASA Astrophysics Data System}
}

@ARTICLE{Rozo2010,
   author = {{Rozo}, E. and {Schmidt}, F.},
    title = "{Weak Lensing Mass Calibration with Shear and Magnification}",
  journal = {ArXiv e-prints},
archivePrefix = "arXiv",
   eprint = {1009.5735},
 primaryClass = "astro-ph.CO",
 keywords = {Astrophysics - Cosmology and Extragalactic Astrophysics},
     year = 2010,
    month = sep,
   adsurl = {http://adsabs.harvard.edu/abs/2010arXiv1009.5735R},
  adsnote = {Provided by the SAO/NASA Astrophysics Data System}
}

@ARTICLE{vanWaerbeke2010a,
   author = {{van Waerbeke}, L.},
    title = "{Shear and magnification: cosmic complementarity}",
  journal = {\mnras},
archivePrefix = "arXiv",
   eprint = {0906.1583},
 primaryClass = "astro-ph.CO",
 keywords = {gravitational lensing, cosmological parameters, cosmology: observations, large-scale structure of Universe},
     year = 2010,
    month = jan,
   volume = 401,
    pages = {2093-2100},
      doi = {10.1111/j.1365-2966.2009.15809.x},
   adsurl = {http://adsabs.harvard.edu/abs/2010MNRAS.401.2093V},
  adsnote = {Provided by the SAO/NASA Astrophysics Data System}
}


@ARTICLE{vanWaerbeke2010b,
   author = {{van Waerbeke}, L. and {Hildebrandt}, H. and {Ford}, J. and 
	{Milkeraitis}, M.},
    title = "{Magnification as a Probe of Dark Matter Halos at High Redshifts}",
  journal = {\apjl},
archivePrefix = "arXiv",
   eprint = {1004.3793},
 primaryClass = "astro-ph.CO",
 keywords = {dark matter, galaxies: halos, gravitational lensing: weak},
     year = 2010,
    month = nov,
   volume = 723,
    pages = {L13-L16},
      doi = {10.1088/2041-8205/723/1/L13},
   adsurl = {http://adsabs.harvard.edu/abs/2010ApJ...723L..13V},
  adsnote = {Provided by the SAO/NASA Astrophysics Data System}
}

@ARTICLE{Duncan2013,
   author = {{Duncan}, C. and {Joachimi}, B. and {Heavens}, A. and {Heymans}, C. and 
	{Hildebrandt}, H.},
    title = "{On the complementarity of galaxy clustering with cosmic shear and flux magnification}",
  journal = {ArXiv e-prints},
archivePrefix = "arXiv",
   eprint = {1306.6870},
 primaryClass = "astro-ph.CO",
 keywords = {Astrophysics - Cosmology and Extragalactic Astrophysics},
     year = 2013,
    month = jun,
   adsurl = {http://adsabs.harvard.edu/abs/2013arXiv1306.6870D},
  adsnote = {Provided by the SAO/NASA Astrophysics Data System}
}

@ARTICLE{Casaponsa2013,
   author = {{Casaponsa}, B. and {Heavens}, A.~F. and {Kitching}, T.~D. and 
	{Miller}, L. and {Barreiro}, R.~B. and {Mart{\'{\i}}nez-Gonz{\'a}lez}, E.
	},
    title = "{Size magnification as a complement to cosmic shear}",
  journal = {\mnras},
archivePrefix = "arXiv",
   eprint = {1209.1646},
 primaryClass = "astro-ph.CO",
 keywords = {gravitational lensing: weak, methods: data analysis},
     year = 2013,
    month = apr,
   volume = 430,
    pages = {2844-2853},
      doi = {10.1093/mnras/stt088},
   adsurl = {http://adsabs.harvard.edu/abs/2013MNRAS.430.2844C},
  adsnote = {Provided by the SAO/NASA Astrophysics Data System}
}

@ARTICLE{Krause2013,
   author = {{Krause}, E. and {Chang}, T.-C. and {Dor{\'e}}, O. and {Umetsu}, K.
	},
    title = "{The Weight of Emptiness: The Gravitational Lensing Signal of Stacked Voids}",
  journal = {\apjl},
archivePrefix = "arXiv",
   eprint = {1210.2446},
 primaryClass = "astro-ph.CO",
 keywords = {cosmology: theory, dark matter, gravitational lensing: weak, large-scale structure of universe },
     year = 2013,
    month = jan,
   volume = 762,
      eid = {L20},
    pages = {L20},
      doi = {10.1088/2041-8205/762/2/L20},
   adsurl = {http://adsabs.harvard.edu/abs/2013ApJ...762L..20K},
  adsnote = {Provided by the SAO/NASA Astrophysics Data System}
}

@ARTICLE{Ford2012,
   author = {{Ford}, J. and {Hildebrandt}, H. and {van Waerbeke}, L. and 
	{Leauthaud}, A. and {Capak}, P. and {Finoguenov}, A. and {Tanaka}, M. and 
	{George}, M.~R. and {Rhodes}, J.},
    title = "{Magnification by Galaxy Group Dark Matter Halos}",
  journal = {\apj},
archivePrefix = "arXiv",
   eprint = {1111.3698},
 primaryClass = "astro-ph.CO",
 keywords = {galaxies: photometry},
     year = 2012,
    month = aug,
   volume = 754,
      eid = {143},
    pages = {143},
      doi = {10.1088/0004-637X/754/2/143},
   adsurl = {http://adsabs.harvard.edu/abs/2012ApJ...754..143F},
  adsnote = {Provided by the SAO/NASA Astrophysics Data System}
}

@ARTICLE{Schmidt2012,
   author = {{Schmidt}, F. and {Leauthaud}, A. and {Massey}, R. and {Rhodes}, J. and 
	{George}, M.~R. and {Koekemoer}, A.~M. and {Finoguenov}, A. and 
	{Tanaka}, M.},
    title = "{A Detection of Weak-lensing Magnification Using Galaxy Sizes and Magnitudes}",
  journal = {\apjl},
archivePrefix = "arXiv",
   eprint = {1111.3679},
 primaryClass = "astro-ph.CO",
 keywords = {dark matter, gravitational lensing: weak, large-scale structure of universe},
     year = 2012,
    month = jan,
   volume = 744,
      eid = {L22},
    pages = {L22},
      doi = {10.1088/2041-8205/744/2/L22},
   adsurl = {http://adsabs.harvard.edu/abs/2012ApJ...744L..22S},
  adsnote = {Provided by the SAO/NASA Astrophysics Data System}
}

@ARTICLE{Huff2011,
   author = {{Huff}, E.~M. and {Graves}, G.~J.},
    title = "{Magnificent Magnification: Exploiting the Other Half of the Lensing Signal}",
  journal = {ArXiv e-prints},
archivePrefix = "arXiv",
   eprint = {1111.1070},
 primaryClass = "astro-ph.CO",
 keywords = {Astrophysics - Cosmology and Extragalactic Astrophysics},
     year = 2011,
    month = nov,
   adsurl = {http://adsabs.harvard.edu/abs/2011arXiv1111.1070H},
  adsnote = {Provided by the SAO/NASA Astrophysics Data System}
}

@ARTICLE{Umetsu2011,
   author = {{Umetsu}, K. and {Broadhurst}, T. and {Zitrin}, A. and {Medezinski}, E. and 
	{Hsu}, L.-Y.},
    title = "{Cluster Mass Profiles from a Bayesian Analysis of Weak-lensing Distortion and Magnification Measurements: Applications to Subaru Data}",
  journal = {\apj},
archivePrefix = "arXiv",
   eprint = {1011.3044},
 primaryClass = "astro-ph.CO",
 keywords = {cosmology: observations, dark matter, galaxies: clusters: general, gravitational lensing: strong, gravitational lensing: weak},
     year = 2011,
    month = mar,
   volume = 729,
      eid = {127},
    pages = {127},
      doi = {10.1088/0004-637X/729/2/127},
   adsurl = {http://adsabs.harvard.edu/abs/2011ApJ...729..127U},
  adsnote = {Provided by the SAO/NASA Astrophysics Data System}
}

@ARTICLE{Menard2010,
   author = {{M{\'e}nard}, B. and {Scranton}, R. and {Fukugita}, M. and {Richards}, G.
	},
    title = "{Measuring the galaxy-mass and galaxy-dust correlations through magnification and reddening}",
  journal = {\mnras},
archivePrefix = "arXiv",
   eprint = {0902.4240},
 primaryClass = "astro-ph.CO",
 keywords = {gravitational lensing: weak, dust, extinction, dark matter},
     year = 2010,
    month = jun,
   volume = 405,
    pages = {1025-1039},
      doi = {10.1111/j.1365-2966.2010.16486.x},
   adsurl = {http://adsabs.harvard.edu/abs/2010MNRAS.405.1025M},
  adsnote = {Provided by the SAO/NASA Astrophysics Data System}
}

@ARTICLE{Hildebrandt2009,
   author = {{Hildebrandt}, H. and {van Waerbeke}, L. and {Erben}, T.},
    title = "{CARS: The CFHTLS-Archive-Research Survey. III. First detection of cosmic magnification in samples of normal high-z galaxies}",
  journal = {\aap},
archivePrefix = "arXiv",
   eprint = {0906.1580},
 primaryClass = "astro-ph.CO",
 keywords = {large-scale structure of Universe, cosmology: observations, dark matter, cosmological parameters},
     year = 2009,
    month = nov,
   volume = 507,
    pages = {683-691},
      doi = {10.1051/0004-6361/200912655},
   adsurl = {http://adsabs.harvard.edu/abs/2009A%26A...507..683H},
  adsnote = {Provided by the SAO/NASA Astrophysics Data System}
}

@ARTICLE{Schneider2000,
   author = {{Schneider}, P. and {King}, L. and {Erben}, T.},
    title = "{Cluster mass profiles from weak lensing: constraints from shear and magnification information}",
  journal = {\aap},
   eprint = {arXiv:astro-ph/9907143},
 keywords = {COSMOLOGY: DARK MATTER, COSMOLOGY: GRAVITATIONAL LENSING, COSMOLOGY: LARGE-SCALE STRUCTURE OF UNIVERSE, GALAXIES: CLUSTERS: GENERAL, METHODS: STATISTICAL},
     year = 2000,
    month = jan,
   volume = 353,
    pages = {41-56},
   adsurl = {http://adsabs.harvard.edu/abs/2000A%26A...353...41S},
  adsnote = {Provided by the SAO/NASA Astrophysics Data System}
}

@ARTICLE{Bridle1998,
   author = {{Bridle}, S.~L. and {Hobson}, M.~P. and {Lasenby}, A.~N. and 
	{Saunders}, R.},
    title = "{A maximum-entropy method for reconstructing the projected mass distribution of gravitational lenses}",
  journal = {\mnras},
   eprint = {arXiv:astro-ph/9802159},
 keywords = {METHODS: DATA ANALYSIS, GALAXIES: CLUSTERS: GENERAL, COSMOLOGY: THEORY, DARK MATTER, GRAVITATIONAL LENSING},
     year = 1998,
    month = sep,
   volume = 299,
    pages = {895-903},
      doi = {10.1046/j.1365-8711.1998.01877.x},
   adsurl = {http://adsabs.harvard.edu/abs/1998MNRAS.299..895B},
  adsnote = {Provided by the SAO/NASA Astrophysics Data System}
}

@ARTICLE{Bartelmann1996,
   author = {{Bartelmann}, M. and {Narayan}, R. and {Seitz}, S. and {Schneider}, P.
	},
    title = "{Maximum-likelihood Cluster Reconstruction}",
  journal = {\apjl},
   eprint = {arXiv:astro-ph/9601011},
 keywords = {COSMOLOGY: GRAVITATIONAL LENSING, GALAXIES: CLUSTERS: GENERAL, METHODS: NUMERICAL},
     year = 1996,
    month = jun,
   volume = 464,
    pages = {L115},
      doi = {10.1086/310114},
   adsurl = {http://adsabs.harvard.edu/abs/1996ApJ...464L.115B},
  adsnote = {Provided by the SAO/NASA Astrophysics Data System}
}

@ARTICLE{Sand2004,
   author = {{Sand}, D.~J. and {Treu}, T. and {Smith}, G.~P. and {Ellis}, R.~S.
	},
    title = "{The Dark Matter Distribution in the Central Regions of Galaxy Clusters: Implications for Cold Dark Matter}",
  journal = {\apj},
   eprint = {arXiv:astro-ph/0309465},
 keywords = {Cosmology: Dark Matter, Galaxies: Clusters: General, Galaxies: Elliptical and Lenticular, cD, Galaxies: Formation, Cosmology: Gravitational Lensing},
     year = 2004,
    month = mar,
   volume = 604,
    pages = {88-107},
      doi = {10.1086/382146},
   adsurl = {http://adsabs.harvard.edu/abs/2004ApJ...604...88S},
  adsnote = {Provided by the SAO/NASA Astrophysics Data System}
}

@ARTICLE{Newman2013a,
   author = {{Newman}, A.~B. and {Treu}, T. and {Ellis}, R.~S. and {Sand}, D.~J. and 
	{Nipoti}, C. and {Richard}, J. and {Jullo}, E.},
    title = "{The Density Profiles of Massive, Relaxed Galaxy Clusters. I. The Total Density Over Three Decades in Radius}",
  journal = {\apj},
archivePrefix = "arXiv",
   eprint = {1209.1391},
 primaryClass = "astro-ph.CO",
 keywords = {dark matter, galaxies: elliptical and lenticular, cD, gravitational lensing: strong, gravitational lensing: weak, X-rays: galaxies: clusters},
     year = 2013,
    month = mar,
   volume = 765,
      eid = {24},
    pages = {24},
      doi = {10.1088/0004-637X/765/1/24},
   adsurl = {http://adsabs.harvard.edu/abs/2013ApJ...765...24N},
  adsnote = {Provided by the SAO/NASA Astrophysics Data System}
}

@ARTICLE{Newman2013b,
   author = {{Newman}, A.~B. and {Treu}, T. and {Ellis}, R.~S. and {Sand}, D.~J.
	},
    title = "{The Density Profiles of Massive, Relaxed Galaxy Clusters. II. Separating Luminous and Dark Matter in Cluster Cores}",
  journal = {\apj},
archivePrefix = "arXiv",
   eprint = {1209.1392},
 primaryClass = "astro-ph.CO",
 keywords = {dark matter, galaxies: elliptical and lenticular, cD, gravitational lensing: strong, gravitational lensing: weak, stars: kinematics and dynamics},
     year = 2013,
    month = mar,
   volume = 765,
      eid = {25},
    pages = {25},
      doi = {10.1088/0004-637X/765/1/25},
   adsurl = {http://adsabs.harvard.edu/abs/2013ApJ...765...25N},
  adsnote = {Provided by the SAO/NASA Astrophysics Data System}
}

@ARTICLE{Koopmans2006,
   author = {{Koopmans}, L.~V.~E. and {Treu}, T. and {Bolton}, A.~S. and 
	{Burles}, S. and {Moustakas}, L.~A.},
    title = "{The Sloan Lens ACS Survey. III. The Structure and Formation of Early-Type Galaxies and Their Evolution since z \~{} 1}",
  journal = {\apj},
   eprint = {arXiv:astro-ph/0601628},
 keywords = {Galaxies: Elliptical and Lenticular, cD, Galaxies: Evolution, Galaxies: Formation, Galaxies: Structure, Cosmology: Gravitational Lensing},
     year = 2006,
    month = oct,
   volume = 649,
    pages = {599-615},
      doi = {10.1086/505696},
   adsurl = {http://adsabs.harvard.edu/abs/2006ApJ...649..599K},
  adsnote = {Provided by the SAO/NASA Astrophysics Data System}
}

@ARTICLE{Gavazzi2007,
   author = {{Gavazzi}, R. and {Treu}, T. and {Rhodes}, J.~D. and {Koopmans}, L.~V.~E. and 
	{Bolton}, A.~S. and {Burles}, S. and {Massey}, R.~J. and {Moustakas}, L.~A.
	},
    title = "{The Sloan Lens ACS Survey. IV. The Mass Density Profile of Early-Type Galaxies out to 100 Effective Radii}",
  journal = {\apj},
   eprint = {arXiv:astro-ph/0701589},
 keywords = {Cosmology: Dark Matter, Galaxies: Elliptical and Lenticular, cD, Galaxies: Structure, Cosmology: Gravitational Lensing},
     year = 2007,
    month = sep,
   volume = 667,
    pages = {176-190},
      doi = {10.1086/519237},
   adsurl = {http://adsabs.harvard.edu/abs/2007ApJ...667..176G},
  adsnote = {Provided by the SAO/NASA Astrophysics Data System}
}

@ARTICLE{Auger2010,
   author = {{Auger}, M.~W. and {Treu}, T. and {Bolton}, A.~S. and {Gavazzi}, R. and 
	{Koopmans}, L.~V.~E. and {Marshall}, P.~J. and {Moustakas}, L.~A. and 
	{Burles}, S.},
    title = "{The Sloan Lens ACS Survey. X. Stellar, Dynamical, and Total Mass Correlations of Massive Early-type Galaxies}",
  journal = {\apj},
archivePrefix = "arXiv",
   eprint = {1007.2880},
 primaryClass = "astro-ph.CO",
 keywords = {dark matter, galaxies: elliptical and lenticular, cD, galaxies: fundamental parameters, galaxies: structure, gravitational lensing: strong},
     year = 2010,
    month = nov,
   volume = 724,
    pages = {511-525},
      doi = {10.1088/0004-637X/724/1/511},
   adsurl = {http://adsabs.harvard.edu/abs/2010ApJ...724..511A},
  adsnote = {Provided by the SAO/NASA Astrophysics Data System}
}

@ARTICLE{Scranton2005,
   author = {{Scranton}, R. and {M{\'e}nard}, B. and {Richards}, G.~T. and 
	{Nichol}, R.~C. and {Myers}, A.~D. and {Jain}, B. and {Gray}, A. and 
	{Bartelmann}, M. and {Brunner}, R.~J. and {Connolly}, A.~J. and 
	{Gunn}, J.~E. and {Sheth}, R.~K. and {Bahcall}, N.~A. and {Brinkman}, J. and 
	{Loveday}, J. and {Schneider}, D.~P. and {Thakar}, A. and {York}, D.~G.
	},
    title = "{Detection of Cosmic Magnification with the Sloan Digital Sky Survey}",
  journal = {\apj},
   eprint = {arXiv:astro-ph/0504510},
 keywords = {Cosmology: Observations, Galaxies: General, Cosmology: Gravitational Lensing, Cosmology: Large-Scale Structure of Universe, Galaxies: Quasars: General},
     year = 2005,
    month = nov,
   volume = 633,
    pages = {589-602},
      doi = {10.1086/431358},
   adsurl = {http://adsabs.harvard.edu/abs/2005ApJ...633..589S},
  adsnote = {Provided by the SAO/NASA Astrophysics Data System}
}

@ARTICLE{Menard2003,
   author = {{M{\'e}nard}, B. and {Hamana}, T. and {Bartelmann}, M. and {Yoshida}, N.
	},
    title = "{Improving the accuracy of cosmic magnification statistics}",
  journal = {\aap},
   eprint = {arXiv:astro-ph/0210112},
 keywords = {cosmology: gravitational lensing, cosmology: large-scale structure of Universe},
     year = 2003,
    month = jun,
   volume = 403,
    pages = {817-828},
      doi = {10.1051/0004-6361:20030406},
   adsurl = {http://adsabs.harvard.edu/abs/2003A%26A...403..817M},
  adsnote = {Provided by the SAO/NASA Astrophysics Data System}
}

@ARTICLE{Takada2003,
   author = {{Takada}, M. and {Hamana}, T.},
    title = "{Halo model predictions of the cosmic magnification statistics: the full non-linear contribution}",
  journal = {\mnras},
   eprint = {arXiv:astro-ph/0305381},
 keywords = {gravitational lensing, cosmology: theory, large-scale structure of Universe},
     year = 2003,
    month = dec,
   volume = 346,
    pages = {949-962},
      doi = {10.1111/j.1365-2966.2003.07145.x},
   adsurl = {http://adsabs.harvard.edu/abs/2003MNRAS.346..949T},
  adsnote = {Provided by the SAO/NASA Astrophysics Data System}
}

@ARTICLE{Jiang2007,
   author = {{Jiang}, G. and {Kochanek}, C.~S.},
    title = "{The Baryon Fractions and Mass-to-Light Ratios of Early-Type Galaxies}",
  journal = {\apj},
archivePrefix = "arXiv",
   eprint = {0705.3647},
 keywords = {Galaxies: Elliptical and Lenticular, cD, Cosmology: Gravitational Lensing, Stellar Dynamics},
     year = 2007,
    month = dec,
   volume = 671,
    pages = {1568-1578},
      doi = {10.1086/522580},
   adsurl = {http://adsabs.harvard.edu/abs/2007ApJ...671.1568J},
  adsnote = {Provided by the SAO/NASA Astrophysics Data System}
}

@ARTICLE{Broadhurst1995,
   author = {{Broadhurst}, T.~J. and {Taylor}, A.~N. and {Peacock}, J.~A.
	},
    title = "{Mapping cluster mass distributions via gravitational lensing of background galaxies}",
  journal = {\apj},
   eprint = {arXiv:astro-ph/9406052},
 keywords = {GALACTIC CLUSTERS, GRAVITATIONAL LENSES, MAPPING, MASS DISTRIBUTION, ASTRONOMICAL PHOTOMETRY, COMPUTERIZED SIMULATION, COSMIC DUST, DARK MATTER, RED SHIFT, STATISTICAL ANALYSIS},
     year = 1995,
    month = jan,
   volume = 438,
    pages = {49-61},
      doi = {10.1086/175053},
   adsurl = {http://adsabs.harvard.edu/abs/1995ApJ...438...49B},
  adsnote = {Provided by the SAO/NASA Astrophysics Data System}
}

@ARTICLE{Bartelmann1995,
   author = {{Bartelmann}, M. and {Narayan}, R.},
    title = "{The Lens Parallax Method: Determining Redshifts of Faint Blue Galaxies through Gravitational Lensing}",
  journal = {\apj},
   eprint = {arXiv:astro-ph/9504086},
 keywords = {COSMOLOGY: GRAVITATIONAL LENSING, COSMOLOGY: OBSERVATIONS, GALAXIES: CLUSTERS: GENERAL, GALAXIES: DISTANCES AND REDSHIFTS},
     year = 1995,
    month = sep,
   volume = 451,
    pages = {60},
      doi = {10.1086/176200},
   adsurl = {http://adsabs.harvard.edu/abs/1995ApJ...451...60B},
  adsnote = {Provided by the SAO/NASA Astrophysics Data System}
}

@ARTICLE{Mandelbaum2006,
   author = {{Mandelbaum}, R. and {Seljak}, U. and {Cool}, R.~J. and {Blanton}, M. and 
	{Hirata}, C.~M. and {Brinkmann}, J.},
    title = "{Density profiles of galaxy groups and clusters from SDSS galaxy-galaxy weak lensing}",
  journal = {\mnras},
   eprint = {arXiv:astro-ph/0605476},
 keywords = {gravitational lensing, galaxies: haloes},
     year = 2006,
    month = oct,
   volume = 372,
    pages = {758-776},
      doi = {10.1111/j.1365-2966.2006.10906.x},
   adsurl = {http://adsabs.harvard.edu/abs/2006MNRAS.372..758M},
  adsnote = {Provided by the SAO/NASA Astrophysics Data System}
}

@ARTICLE{Bartelmann2001,
   author = {{Bartelmann}, M. and {Schneider}, P.},
    title = "{Weak gravitational lensing}",
  journal = {\physrep},
   eprint = {arXiv:astro-ph/9912508},
     year = 2001,
    month = jan,
   volume = 340,
    pages = {291-472},
      doi = {10.1016/S0370-1573(00)00082-X},
   adsurl = {http://adsabs.harvard.edu/abs/2001PhR...340..291B},
  adsnote = {Provided by the SAO/NASA Astrophysics Data System}
}

@ARTICLE{Hernquist1990,
   author = {{Hernquist}, L.},
    title = "{An analytical model for spherical galaxies and bulges}",
  journal = {\apj},
 keywords = {COMPUTATIONAL ASTROPHYSICS, ELLIPTICAL GALAXIES, GALACTIC BULGE, GALACTIC STRUCTURE, ASTRONOMICAL MODELS, ASTRONOMICAL PHOTOMETRY, BRIGHTNESS DISTRIBUTION, DISTRIBUTION FUNCTIONS},
     year = 1990,
    month = jun,
   volume = 356,
    pages = {359-364},
      doi = {10.1086/168845},
   adsurl = {http://adsabs.harvard.edu/abs/1990ApJ...356..359H},
  adsnote = {Provided by the SAO/NASA Astrophysics Data System}
}

@ARTICLE{Wright2000,
   author = {{Wright}, C.~O. and {Brainerd}, T.~G.},
    title = "{Gravitational Lensing by NFW Halos}",
  journal = {\apj},
 keywords = {COSMOLOGY: THEORY, COSMOLOGY: DARK MATTER, GALAXIES: CLUSTERS: GENERAL, COSMOLOGY: GRAVITATIONAL LENSING},
     year = 2000,
    month = may,
   volume = 534,
    pages = {34-40},
      doi = {10.1086/308744},
   adsurl = {http://adsabs.harvard.edu/abs/2000ApJ...534...34W},
  adsnote = {Provided by the SAO/NASA Astrophysics Data System}
}

@ARTICLE{Navarro1996,
   author = {{Navarro}, J.~F. and {Frenk}, C.~S. and {White}, S.~D.~M.},
    title = "{The Structure of Cold Dark Matter Halos}",
  journal = {\apj},
   eprint = {arXiv:astro-ph/9508025},
 keywords = {COSMOLOGY: THEORY, COSMOLOGY: DARK MATTER, GALAXIES: HALOS, METHODS: NUMERICAL},
     year = 1996,
    month = may,
   volume = 462,
    pages = {563},
      doi = {10.1086/177173},
   adsurl = {http://adsabs.harvard.edu/abs/1996ApJ...462..563N},
  adsnote = {Provided by the SAO/NASA Astrophysics Data System}
}

@ARTICLE{Blumenthal1986,
   author = {{Blumenthal}, G.~R. and {Faber}, S.~M. and {Flores}, R. and 
	{Primack}, J.~R.},
    title = "{Contraction of dark matter galactic halos due to baryonic infall}",
  journal = {\apj},
 keywords = {BARYONS, GALACTIC EVOLUTION, GALACTIC ROTATION, GALACTIC STRUCTURE, GRAVITATIONAL COLLAPSE, MISSING MASS (ASTROPHYSICS), ASTRONOMICAL MODELS, HALOS, INTERSTELLAR MATTER, MANY BODY PROBLEM, MASS DISTRIBUTION, SPIRAL GALAXIES},
     year = 1986,
    month = feb,
   volume = 301,
    pages = {27-34},
      doi = {10.1086/163867},
   adsurl = {http://adsabs.harvard.edu/abs/1986ApJ...301...27B},
  adsnote = {Provided by the SAO/NASA Astrophysics Data System}
}

@ARTICLE{Gnedin2004,
   author = {{Gnedin}, O.~Y. and {Kravtsov}, A.~V. and {Klypin}, A.~A. and 
	{Nagai}, D.},
    title = "{Response of Dark Matter Halos to Condensation of Baryons: Cosmological Simulations and Improved Adiabatic Contraction Model}",
  journal = {\apj},
   eprint = {arXiv:astro-ph/0406247},
 keywords = {Cosmology: Theory, Cosmology: Dark Matter, Galaxies: Formation, Galaxies: Halos, Methods: Numerical},
     year = 2004,
    month = nov,
   volume = 616,
    pages = {16-26},
      doi = {10.1086/424914},
   adsurl = {http://adsabs.harvard.edu/abs/2004ApJ...616...16G},
  adsnote = {Provided by the SAO/NASA Astrophysics Data System}
}

@ARTICLE{Gnedin2011,
   author = {{Gnedin}, O.~Y. and {Ceverino}, D. and {Gnedin}, N.~Y. and {Klypin}, A.~A. and 
	{Kravtsov}, A.~V. and {Levine}, R. and {Nagai}, D. and {Yepes}, G.
	},
    title = "{Halo Contraction Effect in Hydrodynamic Simulations of Galaxy Formation}",
  journal = {ArXiv e-prints},
archivePrefix = "arXiv",
   eprint = {1108.5736},
 primaryClass = "astro-ph.CO",
 keywords = {Astrophysics - Cosmology and Extragalactic Astrophysics, Astrophysics - Galaxy Astrophysics},
     year = 2011,
    month = aug,
   adsurl = {http://adsabs.harvard.edu/abs/2011arXiv1108.5736G},
  adsnote = {Provided by the SAO/NASA Astrophysics Data System}
}

@ARTICLE{Abadi2010,
   author = {{Abadi}, M.~G. and {Navarro}, J.~F. and {Fardal}, M. and {Babul}, A. and 
	{Steinmetz}, M.},
    title = "{Galaxy-induced transformation of dark matter haloes}",
  journal = {\mnras},
archivePrefix = "arXiv",
   eprint = {0902.2477},
 keywords = {Galaxy: disc, Galaxy: formation, Galaxy: kinematics and dynamics, Galaxy: structure},
     year = 2010,
    month = sep,
   volume = 407,
    pages = {435-446},
      doi = {10.1111/j.1365-2966.2010.16912.x},
   adsurl = {http://adsabs.harvard.edu/abs/2010MNRAS.407..435A},
  adsnote = {Provided by the SAO/NASA Astrophysics Data System}
}

@ARTICLE{Gao2004,
   author = {{Gao}, L. and {Loeb}, A. and {Peebles}, P.~J.~E. and {White}, S.~D.~M. and 
	{Jenkins}, A.},
    title = "{Early Formation and Late Merging of the Giant Galaxies}",
  journal = {\apj},
   eprint = {arXiv:astro-ph/0312499},
 keywords = {Cosmology: Theory, Galaxies: Formation, Galaxies: Interactions, Galaxies: Structure, Stellar Dynamics},
     year = 2004,
    month = oct,
   volume = 614,
    pages = {17-25},
      doi = {10.1086/423444},
   adsurl = {http://adsabs.harvard.edu/abs/2004ApJ...614...17G},
  adsnote = {Provided by the SAO/NASA Astrophysics Data System}
}

@ARTICLE{Johansson2009,
   author = {{Johansson}, P.~H. and {Naab}, T. and {Ostriker}, J.~P.},
    title = "{Gravitational Heating Helps Make Massive Galaxies Red and Dead}",
  journal = {\apjl},
archivePrefix = "arXiv",
   eprint = {0903.2840},
 primaryClass = "astro-ph.CO",
 keywords = {galaxies: elliptical and lenticular, cD, galaxies: evolution, galaxies: formation, methods: numerical},
     year = 2009,
    month = may,
   volume = 697,
    pages = {L38-L43},
      doi = {10.1088/0004-637X/697/1/L38},
   adsurl = {http://adsabs.harvard.edu/abs/2009ApJ...697L..38J},
  adsnote = {Provided by the SAO/NASA Astrophysics Data System}
}

@ARTICLE{Conroy2009,
   author = {{Conroy}, C. and {Wechsler}, R.~H.},
    title = "{Connecting Galaxies, Halos, and Star Formation Rates Across Cosmic Time}",
  journal = {\apj},
archivePrefix = "arXiv",
   eprint = {0805.3346},
 keywords = {cosmology: theory, dark matter, galaxies: formation, galaxies: halos, large-scale structure of universe},
     year = 2009,
    month = may,
   volume = 696,
    pages = {620-635},
      doi = {10.1088/0004-637X/696/1/620},
   adsurl = {http://adsabs.harvard.edu/abs/2009ApJ...696..620C},
  adsnote = {Provided by the SAO/NASA Astrophysics Data System}
}

@ARTICLE{Behroozi2010,
   author = {{Behroozi}, P.~S. and {Conroy}, C. and {Wechsler}, R.~H.},
    title = "{A Comprehensive Analysis of Uncertainties Affecting the Stellar Mass-Halo Mass Relation for 0 {\lt} z {\lt} 4}",
  journal = {\apj},
archivePrefix = "arXiv",
   eprint = {1001.0015},
 primaryClass = "astro-ph.CO",
 keywords = {dark matter, galaxies: abundances, galaxies: evolution, galaxies: stellar content},
     year = 2010,
    month = jul,
   volume = 717,
    pages = {379-403},
      doi = {10.1088/0004-637X/717/1/379},
   adsurl = {http://adsabs.harvard.edu/abs/2010ApJ...717..379B},
  adsnote = {Provided by the SAO/NASA Astrophysics Data System}
}

@ARTICLE{Leauthaud2012,
   author = {{Leauthaud}, A. and {Tinker}, J. and {Bundy}, K. and {Behroozi}, P.~S. and 
	{Massey}, R. and {Rhodes}, J. and {George}, M.~R. and {Kneib}, J.-P. and 
	{Benson}, A. and {Wechsler}, R.~H. and {Busha}, M.~T. and {Capak}, P. and 
	{Cort{\^e}s}, M. and {Ilbert}, O. and {Koekemoer}, A.~M. and 
	{Le F{\`e}vre}, O. and {Lilly}, S. and {McCracken}, H.~J. and 
	{Salvato}, M. and {Schrabback}, T. and {Scoville}, N. and {Smith}, T. and 
	{Taylor}, J.~E.},
    title = "{New Constraints on the Evolution of the Stellar-to-dark Matter Connection: A Combined Analysis of Galaxy-Galaxy Lensing, Clustering, and Stellar Mass Functions from z = 0.2 to z =1}",
  journal = {\apj},
archivePrefix = "arXiv",
   eprint = {1104.0928},
 primaryClass = "astro-ph.CO",
 keywords = {dark matter, galaxies: evolution, galaxies: formation, galaxies: luminosity function, mass function, galaxies: stellar content, gravitational lensing: weak},
     year = 2012,
    month = jan,
   volume = 744,
      eid = {159},
    pages = {159},
      doi = {10.1088/0004-637X/744/2/159},
   adsurl = {http://adsabs.harvard.edu/abs/2012ApJ...744..159L},
  adsnote = {Provided by the SAO/NASA Astrophysics Data System}
}

@ARTICLE{Nakajima2012,
   author = {{Nakajima}, R. and {Mandelbaum}, R. and {Seljak}, U. and {Cohn}, J.~D. and 
	{Reyes}, R. and {Cool}, R.},
    title = "{Photometric redshift requirements for lens galaxies in galaxy-galaxy lensing analyses}",
  journal = {\mnras},
archivePrefix = "arXiv",
   eprint = {1107.1395},
 primaryClass = "astro-ph.CO",
 keywords = {gravitational lensing: weak, methods: data analysis, galaxies: distances and redshifts, cosmology: observations},
     year = 2012,
    month = mar,
   volume = 420,
    pages = {3240-3263},
      doi = {10.1111/j.1365-2966.2011.20249.x},
   adsurl = {http://adsabs.harvard.edu/abs/2012MNRAS.420.3240N},
  adsnote = {Provided by the SAO/NASA Astrophysics Data System}
}

@ARTICLE{Reyes2012,
   author = {{Reyes}, R. and {Mandelbaum}, R. and {Gunn}, J.~E. and {Nakajima}, R. and 
	{Seljak}, U. and {Hirata}, C.~M.},
    title = "{Optical-to-virial velocity ratios of local disc galaxies from combined kinematics and galaxy-galaxy lensing}",
  journal = {\mnras},
 keywords = {gravitational lensing: weak, galaxies: kinematics and dynamics, galaxies: spiral},
     year = 2012,
    month = oct,
   volume = 425,
    pages = {2610-2640},
      doi = {10.1111/j.1365-2966.2012.21472.x},
   adsurl = {http://adsabs.harvard.edu/abs/2012MNRAS.425.2610R},
  adsnote = {Provided by the SAO/NASA Astrophysics Data System}
}

@ARTICLE{Klypin2011,
   author = {{Klypin}, A.~A. and {Trujillo-Gomez}, S. and {Primack}, J.},
    title = "{Dark Matter Halos in the Standard Cosmological Model: Results from the Bolshoi Simulation}",
  journal = {\apj},
archivePrefix = "arXiv",
   eprint = {1002.3660},
 primaryClass = "astro-ph.CO",
 keywords = {cosmology: theory, large-scale structure of universe, methods: numerical},
     year = 2011,
    month = oct,
   volume = 740,
      eid = {102},
    pages = {102},
      doi = {10.1088/0004-637X/740/2/102},
   adsurl = {http://adsabs.harvard.edu/abs/2011ApJ...740..102K},
  adsnote = {Provided by the SAO/NASA Astrophysics Data System}
}

@ARTICLE{Li2009,
   author = {{Li}, C. and {White}, S.~D.~M.},
    title = "{The distribution of stellar mass in the low-redshift Universe}",
  journal = {\mnras},
archivePrefix = "arXiv",
   eprint = {0901.0706},
 primaryClass = "astro-ph.CO",
 keywords = {galaxies: clusters: general , galaxies: distances and redshifts , cosmology: theory , dark matter , large-scale structure of Universe},
     year = 2009,
    month = oct,
   volume = 398,
    pages = {2177-2187},
      doi = {10.1111/j.1365-2966.2009.15268.x},
   adsurl = {http://adsabs.harvard.edu/abs/2009MNRAS.398.2177L},
  adsnote = {Provided by the SAO/NASA Astrophysics Data System}
}

@ARTICLE{Chang2013,
   author = {{Chang}, C. and {Jarvis}, M. and {Jain}, B. and {Kahn}, S.~M. and 
	{Kirkby}, D. and {Connolly}, A. and {Krughoff}, S. and {Peng}, E.-H. and 
	{Peterson}, J.~R.},
    title = "{The effective number density of galaxies for weak lensing measurements in the LSST project}",
  journal = {\mnras},
archivePrefix = "arXiv",
   eprint = {1305.0793},
 primaryClass = "astro-ph.CO",
 keywords = {methods: data analysis, cosmology: observations},
     year = 2013,
    month = sep,
   volume = 434,
    pages = {2121-2135},
      doi = {10.1093/mnras/stt1156},
   adsurl = {http://adsabs.harvard.edu/abs/2013MNRAS.434.2121C},
  adsnote = {Provided by the SAO/NASA Astrophysics Data System}
}

@ARTICLE{Hirata2004,
   author = {{Hirata}, C.~M. and {Mandelbaum}, R. and {Seljak}, U. and {Guzik}, J. and 
	{Padmanabhan}, N. and {Blake}, C. and {Brinkmann}, J. and {Bud{\'a}vari}, T. and 
	{Connolly}, A. and {Csabai}, I. and {Scranton}, R. and {Szalay}, A.~S.
	},
    title = "{Galaxy-galaxy weak lensing in the Sloan Digital Sky Survey: intrinsic alignments and shear calibration errors}",
  journal = {\mnras},
   eprint = {arXiv:astro-ph/0403255},
 keywords = {gravitational lensing, galaxies: haloes},
     year = 2004,
    month = sep,
   volume = 353,
    pages = {529-549},
      doi = {10.1111/j.1365-2966.2004.08090.x},
   adsurl = {http://adsabs.harvard.edu/abs/2004MNRAS.353..529H},
  adsnote = {Provided by the SAO/NASA Astrophysics Data System}
}

@ARTICLE{Leauthaud2007,
   author = {{Leauthaud}, A. and {Massey}, R. and {Kneib}, J.-P. and {Rhodes}, J. and 
	{Johnston}, D.~E. and {Capak}, P. and {Heymans}, C. and {Ellis}, R.~S. and 
	{Koekemoer}, A.~M. and {Le F{\`e}vre}, O. and {Mellier}, Y. and 
	{R{\'e}fr{\'e}gier}, A. and {Robin}, A.~C. and {Scoville}, N. and 
	{Tasca}, L. and {Taylor}, J.~E. and {Van Waerbeke}, L.},
    title = "{Weak Gravitational Lensing with COSMOS: Galaxy Selection and Shape Measurements}",
  journal = {\apjs},
   eprint = {arXiv:astro-ph/0702359},
 keywords = {Cosmology: Observations, Cosmology: Gravitational Lensing, Cosmology: Large-Scale Structure of Universe},
     year = 2007,
    month = sep,
   volume = 172,
    pages = {219-238},
      doi = {10.1086/516598},
   adsurl = {http://adsabs.harvard.edu/abs/2007ApJS..172..219L},
  adsnote = {Provided by the SAO/NASA Astrophysics Data System}
}

@ARTICLE{George2012,
   author = {{George}, M.~R. and {Leauthaud}, A. and {Bundy}, K. and {Finoguenov}, A. and 
	{Ma}, C.-P. and {Rykoff}, E.~S. and {Tinker}, J.~L. and {Wechsler}, R.~H. and 
	{Massey}, R. and {Mei}, S.},
    title = "{Galaxies in X-Ray Groups. II. A Weak Lensing Study of Halo Centering}",
  journal = {\apj},
archivePrefix = "arXiv",
   eprint = {1205.4262},
 primaryClass = "astro-ph.CO",
 keywords = {cosmology: observations, galaxies: clusters: general, galaxies: groups: general, gravitational lensing: weak},
     year = 2012,
    month = sep,
   volume = 757,
      eid = {2},
    pages = {2},
      doi = {10.1088/0004-637X/757/1/2},
   adsurl = {http://adsabs.harvard.edu/abs/2012ApJ...757....2G},
  adsnote = {Provided by the SAO/NASA Astrophysics Data System}
}

@ARTICLE{Johnston2007,
   author = {{Johnston}, D.~E. and {Sheldon}, E.~S. and {Wechsler}, R.~H. and 
	{Rozo}, E. and {Koester}, B.~P. and {Frieman}, J.~A. and {McKay}, T.~A. and 
	{Evrard}, A.~E. and {Becker}, M.~R. and {Annis}, J.},
    title = "{Cross-correlation Weak Lensing of SDSS galaxy Clusters II: Cluster Density Profiles and the Mass--Richness Relation}",
  journal = {ArXiv e-prints},
archivePrefix = "arXiv",
   eprint = {0709.1159},
 keywords = {Astrophysics},
     year = 2007,
    month = sep,
   adsurl = {http://adsabs.harvard.edu/abs/2007arXiv0709.1159J},
  adsnote = {Provided by the SAO/NASA Astrophysics Data System}
}

@ARTICLE{McConnell2013,
   author = {{McConnell}, N.~J. and {Chen}, S.-F.~S. and {Ma}, C.-P. and 
	{Greene}, J.~E. and {Lauer}, T.~R. and {Gebhardt}, K.},
    title = "{The Effect of Spatial Gradients in Stellar Mass-to-light Ratio on Black Hole Mass Measurements}",
  journal = {\apjl},
archivePrefix = "arXiv",
   eprint = {1303.4393},
 primaryClass = "astro-ph.CO",
 keywords = {galaxies: kinematics and dynamics},
     year = 2013,
    month = may,
   volume = 768,
      eid = {L21},
    pages = {L21},
      doi = {10.1088/2041-8205/768/1/L21},
   adsurl = {http://adsabs.harvard.edu/abs/2013ApJ...768L..21M},
  adsnote = {Provided by the SAO/NASA Astrophysics Data System}
}

@ARTICLE{Foreman-Mackey2013,
   author = {{Foreman-Mackey}, D. and {Hogg}, D.~W. and {Lang}, D. and {Goodman}, J.
	},
    title = "{emcee: The MCMC Hammer}",
  journal = {\pasp},
archivePrefix = "arXiv",
   eprint = {1202.3665},
 primaryClass = "astro-ph.IM",
 keywords = {Data Analysis and Techniques},
     year = 2013,
    month = mar,
   volume = 125,
    pages = {306-312},
      doi = {10.1086/670067},
   adsurl = {http://adsabs.harvard.edu/abs/2013PASP..125..306F},
  adsnote = {Provided by the SAO/NASA Astrophysics Data System}
}

@ARTICLE{Goodman2010,
   author = {{Goodman}, J. and {Weare}, J.},
    title = "{Ensemble samplers with affine invariance}",
  journal = {Commun. Appl. Math. Comput. Sci.},
     year = 2010,
   volume = 5,
    pages = {65-80},
      doi = {10.2140/camcos.2010.5.65}
}